4275 5342
356 470 492 545 ,anime
506 460 722 554 objiciuntur.
743 457 886 540 venida
906 462 986 537 curn
996 365 1126 539 sitiisse
1135 461 1263 540 cerebri
1274 467 1355 544 tunc
1366 465 1544 546 violentib's
1561 460 1741 565 oscillent,

364 572 582 670 spitituolum
600 565 912 659 liquidum-earum
947 566 1211 661 oscillationibus
1241 568 1357 642 vivide¹
1380 572 1580 671 propulsum
1607 574 1674 647 huc
1701 581 1744 654 ὅι,

335 717 340 725 ·
369 671 453 743 illuc
473 665 538 738 stne
565 664 685 736 ordine
711 667 748 736 in
767 689 841 737 toto
863 662 999 736 cerebro
1020 689 1186 763 vagaturs
1206 667 1298 739 unde
1324 668 1437 768 plures
1450 671 1615 742 inordiati
1639 672 1742 743 sibra-

371 793 449 839 rum
469 763 560 838 varie
583 762 755 837 tensarum
774 785 886 835 motus
913 761 990 834 :At
1008 765 1173 857 quoniam
1199 764 1246 834 ad
1266 766 1453 863 perfeslam
1488 765 1643 839 idearum
1666 772 1739 841 cla·

371 867 529 950 ritatem,
551 860 717 960 perfeslus
739 865 775 933 in
798 860 960 942 fibrarum
983 863 1127 959 emporii
1159 861 1306 935 motibus
1337 862 1424 936 ordo
1451 867 1652 960 requiritur,
1673 867 1740 940 hoc

366 960 550 1035 deficiente
568 958 782 1033 ratiocinium
803 958 947 1032 deficere
961 955 1130 1029 necessum
1151 957 1209 1033 est.
1303 1002 1305 1006 -
1675 981 1679 994 ··

291 1233 294 1240 Δ
374 1195 377 1202 ·
420 1162 655 1241 Phrenitidem
678 1154 877 1253 primariam
898 1152 1080 1249 precedere
1097 1152 1364 1250 solentvigiliae,
1380 1150 1509 1227 somnia
1520 1147 1745 1242 turbulenta,

367 1260 568 1363 desipientia
579 1263 685 1341 levis,
707 1249 881 1323 subitanea
892 1249 1040 1328 oblivio;
1057 1252 1199 1323 sentitur
1208 1250 1307 1322 dolor
1321 1254 1442 1352 capitis
1454 1254 1572 1351 ingens
1587 1303 1598 1336 ,
1613 1251 1743 1324 siccitas

369 1365 476 1434 rutilis
496 1362 658 1459 corporis.
698 1349 785 1437 Haec
811 1349 927 1420 omnia
961 1348 1126 1420 denotant
1162 1349 1322 1420 delirium
1354 1352 1545 1423 imminens.
1573 1351 1625 1421 Ex
1657 1350 1743 1423 sicco

366 1462 520 1559 corporis
542 1455 660 1528 habitu
683 1447 801 1544 colligi
818 1445 929 1545 potest
946 1446 1085 1545 limphae
1107 1446 1301 1518 tenuissimae
1320 1449 1411 1519 cert'a
1431 1449 1644 1523 imminutio;
1668 1449 1744 1519 san-

371 1559 484 1653 guinis
511 1554 592 1627 aestu
618 1579 658 1624 ac
675 1549 806 1622 fervore
834 1543 1008 1642 dissipatur
1030 1543 1123 1617 brevi
1146 1569 1222 1642 pars
1243 1542 1343 1643 ipsius
1360 1545 1512 1618 subtilior
1523 1545 1639 1633 ,unde
1654 1547 1759 1617 mas.

370 1659 407 1725 sa
433 1655 617 1751 sanguinea
649 1640 784 1720 crassior
810 1640 947 1717 evadits
969 1641 1048 1714 vasa
1081 1642 1199 1736 itaqu&
1233 1643 1377 1715 minima
1406 1644 1600 1740 sanguifeta
1638 1643 1744 1715 libere

370 1772 545 1852 permeare
570 1774 639 1820 non
657 1736 791 1847 potest,
810 1738 893 1837 ergb
913 1743 1046 1818 maiora
1078 1738 1260 1817 distendits
1281 1739 1347 1812 hoc
1378 1765 1495 1813 autem
1523 1740 1595 1812 sieri
1626 1745 1748 1837 nequit

367 1852 453 1945 quin
478 1848 746 1946 comprimantur
772 1841 884 1911 vicina
902 1835 1232 1932 minora',adeoque
1260 1840 1343 1932 quin
1374 1838 1586 1913 exsecentur.
1606 1840 1748 1914 Cerebri

371 1971 489 2018 autem
509 1945 658 2030 siccitas,
683 1939 841 2030 adeoque
865 1938 1050 2005 humorum
1079 1934 1317 2026 immeabilitas
1337 1938 1372 2006 in
1396 1936 1523 2009 cerebri
1551 1933 1633 2009 vahs
1660 1964 1748 2036 cog-

369 2044 520 2116 noscitur
541 2069 582 2115 ex
602 2038 749 2110 siccitate
772 2034 923 2137 partium
945 2033 1134 2105 vicinarum
1157 2057 1234 2130 quae
1258 2030 1302 2103 ab
1328 2033 1450 2109 iisdem
1469 2035 1598 2106 arteriis
1620 2061 1661 2105 ac
1685 2063 1745 2108 en-

368 2143 540 2241 aephalon
560 2141 717 2210 humores
741 2135 816 2243 suos
836 2131 1021 2231 accipiunt.
1103 2196 1106 2202 ,
1430 2151 1441 2170 ·
1572 2146 1574 2150 ·

419 2330 529 2402 Nulla
553 2329 654 2401 datur
680 2326 845 2401 Phrenitis
864 2321 934 2395 sine
957 2324 1071 2402 febre;
1090 2325 1261 2421 sanguinis
1279 2324 1371 2394 enim
1392 2322 1488 2396 aestus
1505 2350 1574 2420 quo
1598 2322 1746 2423 emporii

368 2427 460 2502 fibrae
481 2452 600 2527 praeter
615 2426 819 2498 consuetum
840 2447 967 2514 naturae
990 2421 1147 2519 ordinem
1170 2420 1405 2509 tenduntur,*a
1429 2448 1527 2495 motu
1537 2423 1647 2496 febrili
1664 2448 1745 2519 pro-

371 2525 507 2598 ducitur
513 2553 528 2603 r
542 2524 701 2620 adeoque
724 2546 953 2619 quacumque
967 2519 1067 2614 causa
1096 2522 1187 2591 hunc
1211 2520 1383 2616 sanguinis
1405 2520 1525 2594 astum·
1558 2518 1756 2621 producere

370 2623 506 2719 potest,
519 2622 641 2694 febrim
661 2645 798 2717 quoque
823 2617 989 2714 accendit.
1009 2617 1194 2690 Phrenitici
1210 2617 1319 2689 modb
1329 2617 1458 2705 tristes,
1473 2621 1581 2692 modb
1600 2616 1745 2705 hilares,

371 2720 479 2792 modb
494 2721 631 2793 seroces
646 2718 819 2802 evadunt,
834 2715 940 2808 idque
960 2742 1022 2813 pto
1045 2713 1178 2787 diverso
1196 2714 1307 2785 delirii
1323 2714 1477 2810 objesto,
1499 2743 1601 2817 prout
1622 2716 1747 2813 nempe

370 2816 548 2904 obiedum
560 2817 646 2889 illud
663 2811 775 2914 inagis
797 2809 950 2884 minusue
966 2814 1080 2912 placet
1096 2836 1155 2884 aut
1165 2811 1332 2912 displiieu
1351 2813 1446 2886 Hinc
1460 2815 1620 2915 explicari
1636 2812 1748 2910 potest

371 2916 548 3009 quomodb
569 2909 839 2999 Phreniticus,st
861 2910 981 2981 somno
1014 2908 1195 3009 perbreve
1217 2932 1353 3009 tempus
1378 2904 1601 3014 corripiatur,
1623 2913 1747 2985 mentis
1812 2962 1814 2966 ψ

368 3037 511 3113 compos
543 3009 759 3111 quandoque·
781 3034 842 3109 per
865 3006 1009 3103 aliquod
1035 3008 1253 3177 iptervallum
1285 3006 1439 3082 efficitur.
1513 3076 1515 3084 .

418 3201 632 3294 Phrenitidis¹
645 3203 702 3277 seu
733 3199 902 3303 primariae
933 3203 991 3274 se'u
1021 3203 1291 3303 symptomaticae
1323 3200 1499 3301 praesentia
1530 3199 1746 3295 ,sequentibus

372 3295 470 3393 signis
494 3302 718 3398 cognoscitur.
746 3323 794 3374 10.
819 3300 916 3373 Loesa
936 3299 1161 3373 ratiocinandi
1183 3303 1356 3375 facultate.
1383 3298 1436 3374 ao.
1456 3298 1601 3371 Somniis
1633 3303 1746 3375 turbu·
1847 3295 1857 3306 ⁶

370 3395 480 3468 lentis.
506 3417 558 3491 30.
579 3398 846 3472 Ferocial'ausla
875 3399 929 3493 40'.
956 3397 1058 3470 Pulsu
1080 3399 1178 3475 durh.
1208 3412 1263 3486 5⁰.
1287 3397 1423 3495 Magna
1453 3403 1488 3470 ὅ(
1508 3397 1584 3466 rara
1604 3402 1749 3499 respira·

371 3493 487 3581 tione,
511 3495 598 3566 facie
620 3495 721 3566 rubrh
743 3496 906 3594 adspes'tu
930 3493 1095 3584 horridi,
1121 3498 1228 3569 oculis
1257 3495 1473 3581 ardentibus,
1494 3495 1748 3592 protuberanti-

372 3588 458 3678 bus,
481 3594 615 3665 natium
647 3590 829 3667 stillicidio.
860 3590 1014 3664 Advorte
1047 3618 1161 3665 tamen
1197 3594 1293 3691 quod
1328 3593 1563 3664 licetferocia
1589 3592 1628 3663 fit
1658 3596 1747 3695 sap'e

373 3686 578 3761 Phrenitidis
601 3692 769 3789 praesentis
799 3689 987 3782 indicium,
1006 3690 1167 3763 delirium
1194 3718 1308 3763 tamen
1336 3691 1567 3764 Phreniticum
1595 3717 1665 3763 non
1697 3696 1746 3766 est

372 3784 503 3883 semper
525 3789 639 3864 feroit
662 3815 702 3860 ex
719 3793 795 3884 jam
814 3790 912 3860 dinis
940 3813 1035 3887 patet
1056 3793 1170 3890 plures
1204 3789 1413 3872 Phreniticos
1442 3813 1510 3858 non
1535 3788 1644 3861 solhm
1677 3818 1746 3864 non

326 3905 329 3910 ·
372 3878 439 3953 else
461 3882 612 3980 feroces,
633 3885 815 3958 sedetiam
843 3885 930 3986 saepe
959 3886 1084 3959 hilares
1111 3888 1193 3960 fieri.
1219 3889 1310 3961 Vera
1338 3894 1373 3959 &
1397 3886 1553 3983 legitima
1577 3887 1745 3961 Phrenitis

371 3980 392 4049 “a
417 3980 678 4078 symptomatich
697 4009 738 4055 ex
764 3984 864 4085 supra
887 3984 984 4056 dislis
1002 3986 1103 4057 facile
1133 3985 1362 4084 distinguitur.
1384 3982 1544 4054 Tandem
1575 3983 1742 4059 Phrenitis

369 4103 430 4177 per
449 4078 608 4153 delirium
622 4081 828 4168 universale,
851 4081 1039 4177 febrimque
1058 4102 1197 4155 acutam
1218 4084 1467 4157 &continuam
1497 4079 1540 4152 ab
1559 4087 1653 4156 omni
1673 4085 1742 4158 alia

372 4175 552 4249 dementiae
567 4181 677 4280 specie
697 4178 860 4278 distingui
880 4181 1014 4279 potest:
1035 4182 1072 4251 in
1090 4182 1246 4279 lethargo
1268 4182 1318 4253 est
1335 4180 1457 4281 sopor,
1470 4179 1506 4249 in
1524 4182 1640 4251 manias
1662 4184 1742 4254 ¹nul·
1762 4251 1767 4262 ,
1804 4239 1807 4245 .

373 4273 407 4342 la
428 4274 475 4345 est
502 4277 624 4367 febris,
645 4281 680 4348 in
715 4278 872 4350 somnum
892 4277 1013 4350 ftustth
1044 4278 1442 4378 propendent-comatos
1463 4279 1603 4377 vigiles,
1630 4280 1748 4354 fatuos.
1798 4361 1802 4370 ,

377 4367 525 4469 denique
549 4402 618 4449 non
640 4376 831 4451 febricitare
855 4377 1059 4473 quotidiana
1068 4376 1187 4544 Idocet
1203 4380 1417 4479 experientia.

422 4563 589 4640 Phrenitis
615 4570 775 4668 primaria
806 4572 905 4647 tertial
925 4574 1049 4671 quarta
1079 4596 1139 4644 aut
1172 4570 1316 4672 septimi
1340 4568 1398 4639 die
1420 4569 1639 4645 terminatum
1666 4569 1742 4643 rarb

374 4661 466 4737 hunc
488 4667 668 4737 terminum
694 4670 839 4747 excedit.
867 4671 1012 4744 Morbus
1035 4671 1090 4743 hic
1118 4672 1247 4744 summa
1274 4665 1478 4770 periculosus
1501 4666 1597 4739 dubii
1618 4666 1740 4740 adrno-

373 4759 458 4834 dum
478 4766 642 4838 &incerti
666 4792 803 4842 eventus
820 4770 886 4850 est;
900 4770 1047 4846 desinere
1062 4772 1173 4871 potest
1190 4774 1225 4842 in
1247 4771 1461 4863 lethergum,
1477 4792 1577 4838 coma
1586 4820 1597 4853 ,
1609 4766 1672 4835 vel·
1685 4767 1744 4837 ca-'

373 4885 470 4944 rums
488 4863 618 4940 etenlm
640 4861 665 4940 li
686 4867 832 4944 nimiam
857 4870 1023 4950 fibrarum
1041 4872 1194 4973 emporii
1209 4866 1525 4953 tersionem,op·st
1553 4880 1606 4925 ut
1630 4857 1777 4918 &Qum
